<record><leader>00000cas a22000007a 4500</leader><controlfield tag="001">13285937</controlfield><controlfield tag="008">860312c19279999ncudr ne      0   a0eng d</controlfield><datafield ind1=" " ind2=" " tag="010"><subfield code="a">sn 86063811 </subfield></datafield><datafield ind1=" " ind2=" " tag="040"><subfield code="a">NCS</subfield><subfield code="b">eng</subfield><subfield code="c">NCS</subfield><subfield code="d">NPT</subfield><subfield code="d">NSD</subfield><subfield code="d">NVJ</subfield><subfield code="d">OCLCQ</subfield></datafield><datafield ind1=" " ind2=" " tag="012"><subfield code="m">y</subfield></datafield><datafield ind1="1" ind2=" " tag="022"><subfield code="a">1042-2323</subfield><subfield code="l">1042-2323</subfield><subfield code="y">0163-9064</subfield><subfield code="2">1</subfield></datafield><datafield ind1=" " ind2=" " tag="032"><subfield code="a">631040</subfield><subfield code="b">USPS</subfield></datafield><datafield ind1=" " ind2=" " tag="037"><subfield code="b">Hendersonville Newspaper Corp., 1717 Four Seasons Blvd., Hendersonville, NC 28793</subfield></datafield><datafield ind1=" " ind2=" " tag="042"><subfield code="a">msc</subfield><subfield code="a">nsdp</subfield></datafield><datafield ind1="0" ind2=" " tag="130"><subfield code="a">Times-news (Hendersonville, N.C.)</subfield></datafield><datafield ind1=" " ind2="0" tag="222"><subfield code="a">Times-news</subfield><subfield code="b">(Hendersonville, N.C.)</subfield></datafield><datafield ind1="1" ind2="4" tag="245"><subfield code="a">The times-news.</subfield></datafield><datafield ind1=" " ind2=" " tag="260"><subfield code="a">Hendersonville, N.C. :</subfield><subfield code="b">Times-News Co.</subfield></datafield><datafield ind1=" " ind2=" " tag="300"><subfield code="a">v. :</subfield><subfield code="b">ill. ;</subfield><subfield code="c">58 cm.</subfield></datafield><datafield ind1=" " ind2=" " tag="310"><subfield code="a">Daily,</subfield><subfield code="b">Dec. 26, 1986-</subfield></datafield><datafield ind1=" " ind2=" " tag="321"><subfield code="a">Daily (except Sunday),</subfield><subfield code="b">Feb. 1, 1927-&lt;Mar. 31, 1927&gt;</subfield></datafield><datafield ind1=" " ind2=" " tag="321"><subfield code="a">Daily (except Saturday),</subfield><subfield code="b">&lt;July 1, 1929&gt;-Nov. 22, 1929</subfield></datafield><datafield ind1=" " ind2=" " tag="321"><subfield code="a">Daily (except Monday &amp; at Christmas),</subfield><subfield code="b">Nov. 23-Dec. 31, 1929</subfield></datafield><datafield ind1=" " ind2=" " tag="321"><subfield code="a">Daily (except Sunday &amp; at Christmas),</subfield><subfield code="b">Jan. 1, 1930-Feb. 28, 1933</subfield></datafield><datafield ind1=" " ind2=" " tag="321"><subfield code="a">Daily (except Saturday),</subfield><subfield code="b">Mar. 1-Mar. 31, 1933</subfield></datafield><datafield ind1=" " ind2=" " tag="321"><subfield code="a">Daily (except Sunday),</subfield><subfield code="b">Apr. 1, 1933-Mar. 29, 1983</subfield></datafield><datafield ind1=" " ind2=" " tag="321"><subfield code="a">Daily (except Sunday, Christmas &amp; New Year's Day),</subfield><subfield code="b">Mar. 30, 1983-Dec. 24, 1986</subfield></datafield><datafield ind1="0" ind2=" " tag="362"><subfield code="a">Vol. 46, no. 27 (Feb. 1, 1927)-</subfield></datafield><datafield ind1=" " ind2=" " tag="500"><subfield code="a">Independent.</subfield></datafield><datafield ind1=" " ind2=" " tag="515"><subfield code="a">Suspended with Sept. 26, 1941 issue; resumed with Oct. 2, 1941 issue.</subfield></datafield><datafield ind1=" " ind2=" " tag="588"><subfield code="a">Latest issue consulted: Vol. 113, no. 343 (Nov. 27, 1988).</subfield></datafield><datafield ind1=" " ind2=" " tag="752"><subfield code="a">United States</subfield><subfield code="b">North Carolina</subfield><subfield code="c">Henderson</subfield><subfield code="d">Hendersonville.</subfield></datafield><datafield ind1="0" ind2="4" tag="780"><subfield code="t">Hendersonville times (Hendersonville, N.C. : 1924)</subfield><subfield code="w">(DLC)sn 94058220</subfield></datafield><datafield ind1="0" ind2="4" tag="780"><subfield code="t">Hendersonville news</subfield><subfield code="w">(DLC)sn 91068162</subfield></datafield></record>